@Book{xie2015,
  title = {Dynamic Documents with {R} and knitr},
  author = {Yihui Xie},
  publisher = {Chapman and Hall/CRC},
  address = {Boca Raton, Florida},
  year = {2015},
  edition = {2nd},
  note = {ISBN 978-1498716963},
  url = {http://yihui.name/knitr/},
}

@article{HALLAL2020,
title = "SARS-CoV-2 antibody prevalence in Brazil: results from two successive nationwide serological household surveys",
journal = "The Lancet Global Health",
volume = "8",
number = "11",
pages = "e1390 - e1398",
year = "2020",
issn = "2214-109X",
doi = "https://doi.org/10.1016/S2214-109X(20)30387-9",
author = "Pedro C Hallal and Fernando P Hartwig and Bernardo L Horta and Mariângela F Silveira and Claudio J Struchiner and Luís P Vidaletti and Nelson A Neumann and Lucia C Pellanda and Odir A Dellagostin and Marcelo N Burattini and Gabriel D Victora and Ana M B Menezes and Fernando C Barros and Aluísio J D Barros and Cesar G Victora",
}

@Manual{R2020,
title = {R: A Language and Environment for Statistical Computing},
author = {{R Core Team}},
organization = {R Foundation for Statistical Computing},
address = {Vienna, Austria},
year = {2020},
url = {https://www.R-project.org/},
}

@article{CotaCovid19br2020,
	doi = {10.1590/scielopreprints.362},
	url = {https://doi.org/10.1590/scielopreprints.362},
	year = {2020},
	month = may,
	journal={{SciELOPreprints:362}},
	publisher = {{FapUNIFESP} ({SciELO})},
	author = {Wesley Cota},
	title = {Monitoring the number of {COVID}-19 cases and deaths in Brazil at municipal and federative units level}
}